%YAML 1.1
%TAG !u! tag:unity3d.com,2011:
--- !u!29 &1
OcclusionCullingSettings:
  m_ObjectHideFlags: 0
  serializedVersion: 2
  m_OcclusionBakeSettings:
    smallestOccluder: 5
    smallestHole: 0.25
    backfaceThreshold: 100
  m_SceneGUID: 00000000000000000000000000000000
  m_OcclusionCullingData: {fileID: 0}
--- !u!104 &2
RenderSettings:
  m_ObjectHideFlags: 0
  serializedVersion: 9
  m_Fog: 0
  m_FogColor: {r: 0.5, g: 0.5, b: 0.5, a: 1}
  m_FogMode: 3
  m_FogDensity: 0.01
  m_LinearFogStart: 0
  m_LinearFogEnd: 300
  m_AmbientSkyColor: {r: 0.212, g: 0.227, b: 0.259, a: 1}
  m_AmbientEquatorColor: {r: 0.114, g: 0.125, b: 0.133, a: 1}
  m_AmbientGroundColor: {r: 0.047, g: 0.043, b: 0.035, a: 1}
  m_AmbientIntensity: 2
  m_AmbientMode: 0
  m_SubtractiveShadowColor: {r: 0.42, g: 0.478, b: 0.627, a: 1}
  m_SkyboxMaterial: {fileID: 2100000, guid: 15df527c72fbda9449f6cdd34a9cecb2, type: 2}
  m_HaloStrength: 0.5
  m_FlareStrength: 1
  m_FlareFadeSpeed: 3
  m_HaloTexture: {fileID: 0}
  m_SpotCookie: {fileID: 10001, guid: 0000000000000000e000000000000000, type: 0}
  m_DefaultReflectionMode: 0
  m_DefaultReflectionResolution: 128
  m_ReflectionBounces: 1
  m_ReflectionIntensity: 1
  m_CustomReflection: {fileID: 0}
  m_Sun: {fileID: 0}
  m_IndirectSpecularColor: {r: 0.32017797, g: 0.36200625, b: 0.4225305, a: 1}
  m_UseRadianceAmbientProbe: 0
--- !u!157 &3
LightmapSettings:
  m_ObjectHideFlags: 0
  serializedVersion: 11
  m_GIWorkflowMode: 1
  m_GISettings:
    serializedVersion: 2
    m_BounceScale: 1
    m_IndirectOutputScale: 1
    m_AlbedoBoost: 1
    m_EnvironmentLightingMode: 1
    m_EnableBakedLightmaps: 1
    m_EnableRealtimeLightmaps: 1
  m_LightmapEditorSettings:
    serializedVersion: 10
    m_Resolution: 2
    m_BakeResolution: 40
    m_AtlasSize: 1024
    m_AO: 0
    m_AOMaxDistance: 1
    m_CompAOExponent: 1
    m_CompAOExponentDirect: 0
    m_Padding: 2
    m_LightmapParameters: {fileID: 0}
    m_LightmapsBakeMode: 1
    m_TextureCompression: 1
    m_FinalGather: 0
    m_FinalGatherFiltering: 1
    m_FinalGatherRayCount: 256
    m_ReflectionCompression: 2
    m_MixedBakeMode: 1
    m_BakeBackend: 0
    m_PVRSampling: 1
    m_PVRDirectSampleCount: 32
    m_PVRSampleCount: 500
    m_PVRBounces: 2
    m_PVRFilterTypeDirect: 0
    m_PVRFilterTypeIndirect: 0
    m_PVRFilterTypeAO: 0
    m_PVRFilteringMode: 1
    m_PVRCulling: 1
    m_PVRFilteringGaussRadiusDirect: 1
    m_PVRFilteringGaussRadiusIndirect: 5
    m_PVRFilteringGaussRadiusAO: 2
    m_PVRFilteringAtrousPositionSigmaDirect: 0.5
    m_PVRFilteringAtrousPositionSigmaIndirect: 2
    m_PVRFilteringAtrousPositionSigmaAO: 1
    m_ShowResolutionOverlay: 1
  m_LightingDataAsset: {fileID: 112000002, guid: 301b28a60b6dfcd4192fe05fa122fb3a,
    type: 2}
  m_UseShadowmask: 0
--- !u!196 &4
NavMeshSettings:
  serializedVersion: 2
  m_ObjectHideFlags: 0
  m_BuildSettings:
    serializedVersion: 2
    agentTypeID: 0
    agentRadius: 0.5
    agentHeight: 2
    agentSlope: 45
    agentClimb: 0.4
    ledgeDropHeight: 0
    maxJumpAcrossDistance: 0
    minRegionArea: 2
    manualCellSize: 0
    cellSize: 0.16666667
    manualTileSize: 0
    tileSize: 256
    accuratePlacement: 0
    debug:
      m_Flags: 0
  m_NavMeshData: {fileID: 0}
--- !u!114 &138228476 stripped
MonoBehaviour:
  m_CorrespondingSourceObject: {fileID: 114416909258647512, guid: ff249350a32225f499743ce2508c4683,
    type: 3}
  m_PrefabInstance: {fileID: 895153419}
  m_PrefabAsset: {fileID: 0}
  m_GameObject: {fileID: 0}
  m_Enabled: 1
  m_EditorHideFlags: 0
  m_Script: {fileID: 11500000, guid: 63a08157e3d863842b91811a466e991e, type: 3}
  m_Name: 
  m_EditorClassIdentifier: 
--- !u!1001 &225996623
PrefabInstance:
  m_ObjectHideFlags: 0
  serializedVersion: 2
  m_Modification:
    m_TransformParent: {fileID: 0}
    m_Modifications:
    - target: {fileID: 114067165643103508, guid: 51fdbb5c443896146a873bfed3bce13c,
        type: 3}
      propertyPath: OnLevelFinished.m_PersistentCalls.m_Calls.Array.size
      value: 6
      objectReference: {fileID: 0}
    - target: {fileID: 114067165643103508, guid: 51fdbb5c443896146a873bfed3bce13c,
        type: 3}
      propertyPath: OnLevelFinished.m_PersistentCalls.m_Calls.Array.data[0].m_Target
      value: 
      objectReference: {fileID: 138228476}
    - target: {fileID: 114067165643103508, guid: 51fdbb5c443896146a873bfed3bce13c,
        type: 3}
      propertyPath: OnLevelFinished.m_PersistentCalls.m_Calls.Array.data[0].m_MethodName
      value: StopTimer
      objectReference: {fileID: 0}
    - target: {fileID: 114067165643103508, guid: 51fdbb5c443896146a873bfed3bce13c,
        type: 3}
      propertyPath: OnLevelFinished.m_PersistentCalls.m_Calls.Array.data[1].m_Target
      value: 
      objectReference: {fileID: 895153422}
    - target: {fileID: 114067165643103508, guid: 51fdbb5c443896146a873bfed3bce13c,
        type: 3}
      propertyPath: OnLevelFinished.m_PersistentCalls.m_Calls.Array.data[1].m_MethodName
      value: FinishedLevel
      objectReference: {fileID: 0}
    - target: {fileID: 114067165643103508, guid: 51fdbb5c443896146a873bfed3bce13c,
        type: 3}
      propertyPath: OnLevelFinished.m_PersistentCalls.m_Calls.Array.data[1].m_Arguments.m_ObjectArgumentAssemblyTypeName
      value: UnityEngine.Object, UnityEngine
      objectReference: {fileID: 0}
    - target: {fileID: 114067165643103508, guid: 51fdbb5c443896146a873bfed3bce13c,
        type: 3}
      propertyPath: OnLevelFinished.m_PersistentCalls.m_Calls.Array.data[2].m_Target
      value: 
      objectReference: {fileID: 895153421}
    - target: {fileID: 114067165643103508, guid: 51fdbb5c443896146a873bfed3bce13c,
        type: 3}
      propertyPath: OnLevelFinished.m_PersistentCalls.m_Calls.Array.data[2].m_MethodName
      value: UpdateStars
      objectReference: {fileID: 0}
    - target: {fileID: 114067165643103508, guid: 51fdbb5c443896146a873bfed3bce13c,
        type: 3}
      propertyPath: OnLevelFinished.m_PersistentCalls.m_Calls.Array.data[2].m_Arguments.m_ObjectArgumentAssemblyTypeName
      value: UnityEngine.Object, UnityEngine
      objectReference: {fileID: 0}
    - target: {fileID: 114067165643103508, guid: 51fdbb5c443896146a873bfed3bce13c,
        type: 3}
      propertyPath: OnLevelFinished.m_PersistentCalls.m_Calls.Array.data[3].m_Target
      value: 
      objectReference: {fileID: 895153420}
    - target: {fileID: 114067165643103508, guid: 51fdbb5c443896146a873bfed3bce13c,
        type: 3}
      propertyPath: OnLevelFinished.m_PersistentCalls.m_Calls.Array.data[3].m_MethodName
      value: UpdateTime
      objectReference: {fileID: 0}
    - target: {fileID: 114067165643103508, guid: 51fdbb5c443896146a873bfed3bce13c,
        type: 3}
      propertyPath: OnLevelFinished.m_PersistentCalls.m_Calls.Array.data[3].m_Arguments.m_ObjectArgumentAssemblyTypeName
      value: UnityEngine.Object, UnityEngine
      objectReference: {fileID: 0}
    - target: {fileID: 114067165643103508, guid: 51fdbb5c443896146a873bfed3bce13c,
        type: 3}
      propertyPath: OnLevelFinished.m_PersistentCalls.m_Calls.Array.data[3].m_Arguments.m_StringArgument
      value: _Template
      objectReference: {fileID: 0}
    - target: {fileID: 114067165643103508, guid: 51fdbb5c443896146a873bfed3bce13c,
        type: 3}
      propertyPath: OnLevelFinished.m_PersistentCalls.m_Calls.Array.data[4].m_Target
      value: 
      objectReference: {fileID: 895153422}
    - target: {fileID: 114067165643103508, guid: 51fdbb5c443896146a873bfed3bce13c,
        type: 3}
      propertyPath: OnLevelFinished.m_PersistentCalls.m_Calls.Array.data[4].m_MethodName
      value: Save
      objectReference: {fileID: 0}
    - target: {fileID: 114067165643103508, guid: 51fdbb5c443896146a873bfed3bce13c,
        type: 3}
      propertyPath: OnLevelFinished.m_PersistentCalls.m_Calls.Array.data[4].m_Arguments.m_ObjectArgumentAssemblyTypeName
      value: UnityEngine.Object, UnityEngine
      objectReference: {fileID: 0}
    - target: {fileID: 114067165643103508, guid: 51fdbb5c443896146a873bfed3bce13c,
        type: 3}
      propertyPath: OnLevelFinished.m_PersistentCalls.m_Calls.Array.data[0].m_Mode
      value: 1
      objectReference: {fileID: 0}
    - target: {fileID: 114067165643103508, guid: 51fdbb5c443896146a873bfed3bce13c,
        type: 3}
      propertyPath: OnLevelFinished.m_PersistentCalls.m_Calls.Array.data[1].m_Mode
      value: 5
      objectReference: {fileID: 0}
    - target: {fileID: 114067165643103508, guid: 51fdbb5c443896146a873bfed3bce13c,
        type: 3}
      propertyPath: OnLevelFinished.m_PersistentCalls.m_Calls.Array.data[1].m_Arguments.m_StringArgument
      value: _Template
      objectReference: {fileID: 0}
    - target: {fileID: 114067165643103508, guid: 51fdbb5c443896146a873bfed3bce13c,
        type: 3}
      propertyPath: OnLevelFinished.m_PersistentCalls.m_Calls.Array.data[3].m_Mode
      value: 5
      objectReference: {fileID: 0}
    - target: {fileID: 114067165643103508, guid: 51fdbb5c443896146a873bfed3bce13c,
        type: 3}
      propertyPath: OnLevelFinished.m_PersistentCalls.m_Calls.Array.data[6].m_MethodName
      value: SetActive
      objectReference: {fileID: 0}
    - target: {fileID: 114067165643103508, guid: 51fdbb5c443896146a873bfed3bce13c,
        type: 3}
      propertyPath: OnLevelFinished.m_PersistentCalls.m_Calls.Array.data[6].m_Mode
      value: 6
      objectReference: {fileID: 0}
    - target: {fileID: 114067165643103508, guid: 51fdbb5c443896146a873bfed3bce13c,
        type: 3}
      propertyPath: OnLevelFinished.m_PersistentCalls.m_Calls.Array.data[6].m_Arguments.m_BoolArgument
      value: 1
      objectReference: {fileID: 0}
    - target: {fileID: 114067165643103508, guid: 51fdbb5c443896146a873bfed3bce13c,
        type: 3}
      propertyPath: OnLevelFinished.m_PersistentCalls.m_Calls.Array.data[6].m_CallState
      value: 2
      objectReference: {fileID: 0}
    - target: {fileID: 114067165643103508, guid: 51fdbb5c443896146a873bfed3bce13c,
        type: 3}
      propertyPath: OnLevelFinished.m_PersistentCalls.m_Calls.Array.data[5].m_Target
      value: 
      objectReference: {fileID: 1347000848}
    - target: {fileID: 114067165643103508, guid: 51fdbb5c443896146a873bfed3bce13c,
        type: 3}
      propertyPath: OnLevelFinished.m_PersistentCalls.m_Calls.Array.data[5].m_MethodName
      value: SetActive
      objectReference: {fileID: 0}
    - target: {fileID: 114067165643103508, guid: 51fdbb5c443896146a873bfed3bce13c,
        type: 3}
      propertyPath: OnLevelFinished.m_PersistentCalls.m_Calls.Array.data[5].m_Mode
      value: 6
      objectReference: {fileID: 0}
    - target: {fileID: 114067165643103508, guid: 51fdbb5c443896146a873bfed3bce13c,
        type: 3}
      propertyPath: OnLevelFinished.m_PersistentCalls.m_Calls.Array.data[5].m_Arguments.m_ObjectArgumentAssemblyTypeName
      value: UnityEngine.Object, UnityEngine
      objectReference: {fileID: 0}
    - target: {fileID: 114067165643103508, guid: 51fdbb5c443896146a873bfed3bce13c,
        type: 3}
      propertyPath: OnLevelFinished.m_PersistentCalls.m_Calls.Array.data[5].m_Arguments.m_BoolArgument
      value: 1
      objectReference: {fileID: 0}
    - target: {fileID: 4293890631910850, guid: 51fdbb5c443896146a873bfed3bce13c, type: 3}
      propertyPath: m_LocalPosition.x
      value: 0.5
      objectReference: {fileID: 0}
    - target: {fileID: 4293890631910850, guid: 51fdbb5c443896146a873bfed3bce13c, type: 3}
      propertyPath: m_LocalPosition.y
      value: 0.5
      objectReference: {fileID: 0}
    - target: {fileID: 4293890631910850, guid: 51fdbb5c443896146a873bfed3bce13c, type: 3}
      propertyPath: m_LocalPosition.z
      value: 0
      objectReference: {fileID: 0}
    - target: {fileID: 4293890631910850, guid: 51fdbb5c443896146a873bfed3bce13c, type: 3}
      propertyPath: m_LocalRotation.x
      value: 0
      objectReference: {fileID: 0}
    - target: {fileID: 4293890631910850, guid: 51fdbb5c443896146a873bfed3bce13c, type: 3}
      propertyPath: m_LocalRotation.y
      value: 1
      objectReference: {fileID: 0}
    - target: {fileID: 4293890631910850, guid: 51fdbb5c443896146a873bfed3bce13c, type: 3}
      propertyPath: m_LocalRotation.z
      value: 0
      objectReference: {fileID: 0}
    - target: {fileID: 4293890631910850, guid: 51fdbb5c443896146a873bfed3bce13c, type: 3}
      propertyPath: m_LocalRotation.w
      value: 0
      objectReference: {fileID: 0}
    - target: {fileID: 4293890631910850, guid: 51fdbb5c443896146a873bfed3bce13c, type: 3}
      propertyPath: m_RootOrder
      value: 8
      objectReference: {fileID: 0}
    m_RemovedComponents: []
  m_SourcePrefab: {fileID: 100100000, guid: 51fdbb5c443896146a873bfed3bce13c, type: 3}
--- !u!1001 &526282853
PrefabInstance:
  m_ObjectHideFlags: 0
  serializedVersion: 2
  m_Modification:
    m_TransformParent: {fileID: 0}
    m_Modifications:
    - target: {fileID: 4360565918729630, guid: 2115a7ad515e7084eafaa3846d9e38c0, type: 3}
      propertyPath: m_LocalPosition.x
      value: 0
      objectReference: {fileID: 0}
    - target: {fileID: 4360565918729630, guid: 2115a7ad515e7084eafaa3846d9e38c0, type: 3}
      propertyPath: m_LocalPosition.y
      value: 3
      objectReference: {fileID: 0}
    - target: {fileID: 4360565918729630, guid: 2115a7ad515e7084eafaa3846d9e38c0, type: 3}
      propertyPath: m_LocalPosition.z
      value: 0
      objectReference: {fileID: 0}
    - target: {fileID: 4360565918729630, guid: 2115a7ad515e7084eafaa3846d9e38c0, type: 3}
      propertyPath: m_LocalRotation.x
      value: 0.40821788
      objectReference: {fileID: 0}
    - target: {fileID: 4360565918729630, guid: 2115a7ad515e7084eafaa3846d9e38c0, type: 3}
      propertyPath: m_LocalRotation.y
      value: -0.23456968
      objectReference: {fileID: 0}
    - target: {fileID: 4360565918729630, guid: 2115a7ad515e7084eafaa3846d9e38c0, type: 3}
      propertyPath: m_LocalRotation.z
      value: 0.10938163
      objectReference: {fileID: 0}
    - target: {fileID: 4360565918729630, guid: 2115a7ad515e7084eafaa3846d9e38c0, type: 3}
      propertyPath: m_LocalRotation.w
      value: 0.8754261
      objectReference: {fileID: 0}
    - target: {fileID: 4360565918729630, guid: 2115a7ad515e7084eafaa3846d9e38c0, type: 3}
      propertyPath: m_RootOrder
      value: 1
      objectReference: {fileID: 0}
    m_RemovedComponents: []
  m_SourcePrefab: {fileID: 100100000, guid: 2115a7ad515e7084eafaa3846d9e38c0, type: 3}
--- !u!1 &705327292
GameObject:
  m_ObjectHideFlags: 0
  m_CorrespondingSourceObject: {fileID: 0}
  m_PrefabInstance: {fileID: 0}
  m_PrefabAsset: {fileID: 0}
  serializedVersion: 6
  m_Component:
  - component: {fileID: 705327293}
  m_Layer: 0
  m_Name: Helpful
  m_TagString: Untagged
  m_Icon: {fileID: 0}
  m_NavMeshLayer: 0
  m_StaticEditorFlags: 0
  m_IsActive: 1
--- !u!4 &705327293
Transform:
  m_ObjectHideFlags: 0
  m_CorrespondingSourceObject: {fileID: 0}
  m_PrefabInstance: {fileID: 0}
  m_PrefabAsset: {fileID: 0}
  m_GameObject: {fileID: 705327292}
  m_LocalRotation: {x: -0, y: -0, z: -0, w: 1}
  m_LocalPosition: {x: 0, y: 0, z: 0}
  m_LocalScale: {x: 1, y: 1, z: 1}
  m_Children: []
  m_Father: {fileID: 1109326385}
  m_RootOrder: 3
  m_LocalEulerAnglesHint: {x: 0, y: 0, z: 0}
--- !u!1001 &789425984
PrefabInstance:
  m_ObjectHideFlags: 0
  serializedVersion: 2
  m_Modification:
    m_TransformParent: {fileID: 0}
    m_Modifications:
    - target: {fileID: 4910569533177668, guid: b150bc598d2aa2340b424cad4d862941, type: 3}
      propertyPath: m_LocalPosition.x
      value: 0.5
      objectReference: {fileID: 0}
    - target: {fileID: 4910569533177668, guid: b150bc598d2aa2340b424cad4d862941, type: 3}
      propertyPath: m_LocalPosition.y
      value: 1.45
      objectReference: {fileID: 0}
    - target: {fileID: 4910569533177668, guid: b150bc598d2aa2340b424cad4d862941, type: 3}
      propertyPath: m_LocalPosition.z
      value: -5
      objectReference: {fileID: 0}
    - target: {fileID: 4910569533177668, guid: b150bc598d2aa2340b424cad4d862941, type: 3}
      propertyPath: m_LocalRotation.x
      value: 0
      objectReference: {fileID: 0}
    - target: {fileID: 4910569533177668, guid: b150bc598d2aa2340b424cad4d862941, type: 3}
      propertyPath: m_LocalRotation.y
      value: 0
      objectReference: {fileID: 0}
    - target: {fileID: 4910569533177668, guid: b150bc598d2aa2340b424cad4d862941, type: 3}
      propertyPath: m_LocalRotation.z
      value: 0
      objectReference: {fileID: 0}
    - target: {fileID: 4910569533177668, guid: b150bc598d2aa2340b424cad4d862941, type: 3}
      propertyPath: m_LocalRotation.w
      value: 1
      objectReference: {fileID: 0}
    - target: {fileID: 4910569533177668, guid: b150bc598d2aa2340b424cad4d862941, type: 3}
      propertyPath: m_RootOrder
      value: 7
      objectReference: {fileID: 0}
    - target: {fileID: 114415043688544742, guid: b150bc598d2aa2340b424cad4d862941,
        type: 3}
      propertyPath: GameObjectToFollow
      value: 
      objectReference: {fileID: 0}
    - target: {fileID: 114735263396227484, guid: b150bc598d2aa2340b424cad4d862941,
        type: 3}
      propertyPath: Rigidbody
      value: 
      objectReference: {fileID: 0}
    m_RemovedComponents: []
  m_SourcePrefab: {fileID: 100100000, guid: b150bc598d2aa2340b424cad4d862941, type: 3}
--- !u!20 &789425985 stripped
Camera:
  m_CorrespondingSourceObject: {fileID: 20679998491947092, guid: b150bc598d2aa2340b424cad4d862941,
    type: 3}
  m_PrefabInstance: {fileID: 789425984}
  m_PrefabAsset: {fileID: 0}
--- !u!1 &799506909
GameObject:
  m_ObjectHideFlags: 0
  m_CorrespondingSourceObject: {fileID: 0}
  m_PrefabInstance: {fileID: 0}
  m_PrefabAsset: {fileID: 0}
  serializedVersion: 6
  m_Component:
  - component: {fileID: 799506910}
  m_Layer: 0
  m_Name: Barriers
  m_TagString: Untagged
  m_Icon: {fileID: 0}
  m_NavMeshLayer: 0
  m_StaticEditorFlags: 0
  m_IsActive: 1
--- !u!4 &799506910
Transform:
  m_ObjectHideFlags: 0
  m_CorrespondingSourceObject: {fileID: 0}
  m_PrefabInstance: {fileID: 0}
  m_PrefabAsset: {fileID: 0}
  m_GameObject: {fileID: 799506909}
  m_LocalRotation: {x: -0, y: -0, z: -0, w: 1}
  m_LocalPosition: {x: 0, y: 0, z: 0}
  m_LocalScale: {x: 1, y: 1, z: 1}
  m_Children: []
  m_Father: {fileID: 1109326385}
  m_RootOrder: 4
  m_LocalEulerAnglesHint: {x: 0, y: 0, z: 0}
--- !u!1001 &895153419
PrefabInstance:
  m_ObjectHideFlags: 0
  serializedVersion: 2
  m_Modification:
    m_TransformParent: {fileID: 0}
    m_Modifications:
    - target: {fileID: 114045794218598326, guid: ff249350a32225f499743ce2508c4683,
        type: 3}
      propertyPath: text
      value: 
      objectReference: {fileID: 1603893530}
    - target: {fileID: 114045794218598326, guid: ff249350a32225f499743ce2508c4683,
        type: 3}
      propertyPath: player
      value: 
      objectReference: {fileID: 0}
    - target: {fileID: 4033221815279896, guid: ff249350a32225f499743ce2508c4683, type: 3}
      propertyPath: m_LocalPosition.x
      value: 0
      objectReference: {fileID: 0}
    - target: {fileID: 4033221815279896, guid: ff249350a32225f499743ce2508c4683, type: 3}
      propertyPath: m_LocalPosition.y
      value: 0
      objectReference: {fileID: 0}
    - target: {fileID: 4033221815279896, guid: ff249350a32225f499743ce2508c4683, type: 3}
      propertyPath: m_LocalPosition.z
      value: 0
      objectReference: {fileID: 0}
    - target: {fileID: 4033221815279896, guid: ff249350a32225f499743ce2508c4683, type: 3}
      propertyPath: m_LocalRotation.x
      value: 0
      objectReference: {fileID: 0}
    - target: {fileID: 4033221815279896, guid: ff249350a32225f499743ce2508c4683, type: 3}
      propertyPath: m_LocalRotation.y
      value: 0
      objectReference: {fileID: 0}
    - target: {fileID: 4033221815279896, guid: ff249350a32225f499743ce2508c4683, type: 3}
      propertyPath: m_LocalRotation.z
      value: 0
      objectReference: {fileID: 0}
    - target: {fileID: 4033221815279896, guid: ff249350a32225f499743ce2508c4683, type: 3}
      propertyPath: m_LocalRotation.w
      value: 1
      objectReference: {fileID: 0}
    - target: {fileID: 4033221815279896, guid: ff249350a32225f499743ce2508c4683, type: 3}
      propertyPath: m_RootOrder
      value: 0
      objectReference: {fileID: 0}
    - target: {fileID: 114855275173612638, guid: ff249350a32225f499743ce2508c4683,
        type: 3}
      propertyPath: GameObjects.Array.data[0]
      value: 
      objectReference: {fileID: 1603893533}
    - target: {fileID: 114804327159187664, guid: ff249350a32225f499743ce2508c4683,
        type: 3}
      propertyPath: Stars.Array.data[0]
      value: 
      objectReference: {fileID: 1347000847}
    - target: {fileID: 114804327159187664, guid: ff249350a32225f499743ce2508c4683,
        type: 3}
      propertyPath: Stars.Array.data[1]
      value: 
      objectReference: {fileID: 1347000846}
    - target: {fileID: 114804327159187664, guid: ff249350a32225f499743ce2508c4683,
        type: 3}
      propertyPath: Stars.Array.data[2]
      value: 
      objectReference: {fileID: 1347000845}
    - target: {fileID: 114804327159187664, guid: ff249350a32225f499743ce2508c4683,
        type: 3}
      propertyPath: Stars.Array.data[3]
      value: 
      objectReference: {fileID: 1347000844}
    - target: {fileID: 114804327159187664, guid: ff249350a32225f499743ce2508c4683,
        type: 3}
      propertyPath: Stars.Array.data[4]
      value: 
      objectReference: {fileID: 1347000843}
    - target: {fileID: 114387182991375588, guid: ff249350a32225f499743ce2508c4683,
        type: 3}
      propertyPath: CurrentTime
      value: 
      objectReference: {fileID: 1347000842}
    - target: {fileID: 114387182991375588, guid: ff249350a32225f499743ce2508c4683,
        type: 3}
      propertyPath: BestTime
      value: 
      objectReference: {fileID: 1347000841}
    m_RemovedComponents: []
  m_SourcePrefab: {fileID: 100100000, guid: ff249350a32225f499743ce2508c4683, type: 3}
--- !u!114 &895153420 stripped
MonoBehaviour:
  m_CorrespondingSourceObject: {fileID: 114387182991375588, guid: ff249350a32225f499743ce2508c4683,
    type: 3}
  m_PrefabInstance: {fileID: 895153419}
  m_PrefabAsset: {fileID: 0}
  m_GameObject: {fileID: 0}
  m_Enabled: 1
  m_EditorHideFlags: 0
  m_Script: {fileID: 11500000, guid: 64d4f8a07503e0d47a2741d030c23e18, type: 3}
  m_Name: 
  m_EditorClassIdentifier: 
--- !u!114 &895153421 stripped
MonoBehaviour:
  m_CorrespondingSourceObject: {fileID: 114804327159187664, guid: ff249350a32225f499743ce2508c4683,
    type: 3}
  m_PrefabInstance: {fileID: 895153419}
  m_PrefabAsset: {fileID: 0}
  m_GameObject: {fileID: 0}
  m_Enabled: 1
  m_EditorHideFlags: 0
  m_Script: {fileID: 11500000, guid: 2945ee5dc156951429e6b86449e49fd6, type: 3}
  m_Name: 
  m_EditorClassIdentifier: 
--- !u!114 &895153422 stripped
MonoBehaviour:
  m_CorrespondingSourceObject: {fileID: 114208892851581810, guid: ff249350a32225f499743ce2508c4683,
    type: 3}
  m_PrefabInstance: {fileID: 895153419}
  m_PrefabAsset: {fileID: 0}
  m_GameObject: {fileID: 0}
  m_Enabled: 1
  m_EditorHideFlags: 0
  m_Script: {fileID: 11500000, guid: 3fde03fb3769571428f0f4be94afb9d7, type: 3}
  m_Name: 
  m_EditorClassIdentifier: 
--- !u!1 &1109326384
GameObject:
  m_ObjectHideFlags: 0
  m_CorrespondingSourceObject: {fileID: 0}
  m_PrefabInstance: {fileID: 0}
  m_PrefabAsset: {fileID: 0}
  serializedVersion: 6
  m_Component:
  - component: {fileID: 1109326385}
  m_Layer: 0
  m_Name: Environment
  m_TagString: Untagged
  m_Icon: {fileID: 0}
  m_NavMeshLayer: 0
  m_StaticEditorFlags: 0
  m_IsActive: 1
--- !u!4 &1109326385
Transform:
  m_ObjectHideFlags: 0
  m_CorrespondingSourceObject: {fileID: 0}
  m_PrefabInstance: {fileID: 0}
  m_PrefabAsset: {fileID: 0}
  m_GameObject: {fileID: 1109326384}
  m_LocalRotation: {x: 0, y: 0, z: 0, w: 1}
  m_LocalPosition: {x: 0, y: 0, z: 0}
  m_LocalScale: {x: 1, y: 1, z: 1}
  m_Children:
  - {fileID: 1484514244}
  - {fileID: 1270950416}
  - {fileID: 2117832835}
  - {fileID: 705327293}
  - {fileID: 799506910}
  m_Father: {fileID: 0}
  m_RootOrder: 5
  m_LocalEulerAnglesHint: {x: 0, y: 0, z: 0}
--- !u!1 &1270950415
GameObject:
  m_ObjectHideFlags: 0
  m_CorrespondingSourceObject: {fileID: 0}
  m_PrefabInstance: {fileID: 0}
  m_PrefabAsset: {fileID: 0}
  serializedVersion: 6
  m_Component:
  - component: {fileID: 1270950416}
  m_Layer: 0
  m_Name: TerrainTiles
  m_TagString: Untagged
  m_Icon: {fileID: 0}
  m_NavMeshLayer: 0
  m_StaticEditorFlags: 0
  m_IsActive: 1
--- !u!4 &1270950416
Transform:
  m_ObjectHideFlags: 0
  m_CorrespondingSourceObject: {fileID: 0}
  m_PrefabInstance: {fileID: 0}
  m_PrefabAsset: {fileID: 0}
  m_GameObject: {fileID: 1270950415}
  m_LocalRotation: {x: 0, y: 0, z: 0, w: 1}
  m_LocalPosition: {x: 0, y: 0, z: 0}
  m_LocalScale: {x: 1, y: 1, z: 1}
  m_Children: []
  m_Father: {fileID: 1109326385}
  m_RootOrder: 1
  m_LocalEulerAnglesHint: {x: 0, y: 0, z: 0}
--- !u!1001 &1287153983
PrefabInstance:
  m_ObjectHideFlags: 0
  serializedVersion: 2
  m_Modification:
    m_TransformParent: {fileID: 0}
    m_Modifications:
    - target: {fileID: 1051561192867618, guid: 1ccd133d613dfd54abb89701a26ddc7c, type: 3}
      propertyPath: m_IsActive
      value: 1
      objectReference: {fileID: 0}
    - target: {fileID: 224520670807165834, guid: 1ccd133d613dfd54abb89701a26ddc7c,
        type: 3}
      propertyPath: m_LocalPosition.x
      value: 0
      objectReference: {fileID: 0}
    - target: {fileID: 224520670807165834, guid: 1ccd133d613dfd54abb89701a26ddc7c,
        type: 3}
      propertyPath: m_LocalPosition.y
      value: 0
      objectReference: {fileID: 0}
    - target: {fileID: 224520670807165834, guid: 1ccd133d613dfd54abb89701a26ddc7c,
        type: 3}
      propertyPath: m_LocalPosition.z
      value: 0
      objectReference: {fileID: 0}
    - target: {fileID: 224520670807165834, guid: 1ccd133d613dfd54abb89701a26ddc7c,
        type: 3}
      propertyPath: m_LocalRotation.x
      value: 0
      objectReference: {fileID: 0}
    - target: {fileID: 224520670807165834, guid: 1ccd133d613dfd54abb89701a26ddc7c,
        type: 3}
      propertyPath: m_LocalRotation.y
      value: 0
      objectReference: {fileID: 0}
    - target: {fileID: 224520670807165834, guid: 1ccd133d613dfd54abb89701a26ddc7c,
        type: 3}
      propertyPath: m_LocalRotation.z
      value: 0
      objectReference: {fileID: 0}
    - target: {fileID: 224520670807165834, guid: 1ccd133d613dfd54abb89701a26ddc7c,
        type: 3}
      propertyPath: m_LocalRotation.w
      value: 1
      objectReference: {fileID: 0}
    - target: {fileID: 224520670807165834, guid: 1ccd133d613dfd54abb89701a26ddc7c,
        type: 3}
      propertyPath: m_RootOrder
      value: 3
      objectReference: {fileID: 0}
    - target: {fileID: 224520670807165834, guid: 1ccd133d613dfd54abb89701a26ddc7c,
        type: 3}
      propertyPath: m_AnchoredPosition.x
      value: 0
      objectReference: {fileID: 0}
    - target: {fileID: 224520670807165834, guid: 1ccd133d613dfd54abb89701a26ddc7c,
        type: 3}
      propertyPath: m_AnchoredPosition.y
      value: 0
      objectReference: {fileID: 0}
    - target: {fileID: 224520670807165834, guid: 1ccd133d613dfd54abb89701a26ddc7c,
        type: 3}
      propertyPath: m_SizeDelta.x
      value: 0
      objectReference: {fileID: 0}
    - target: {fileID: 224520670807165834, guid: 1ccd133d613dfd54abb89701a26ddc7c,
        type: 3}
      propertyPath: m_SizeDelta.y
      value: 0
      objectReference: {fileID: 0}
    - target: {fileID: 224520670807165834, guid: 1ccd133d613dfd54abb89701a26ddc7c,
        type: 3}
      propertyPath: m_AnchorMin.x
      value: 0
      objectReference: {fileID: 0}
    - target: {fileID: 224520670807165834, guid: 1ccd133d613dfd54abb89701a26ddc7c,
        type: 3}
      propertyPath: m_AnchorMin.y
      value: 0
      objectReference: {fileID: 0}
    - target: {fileID: 224520670807165834, guid: 1ccd133d613dfd54abb89701a26ddc7c,
        type: 3}
      propertyPath: m_AnchorMax.x
      value: 0
      objectReference: {fileID: 0}
    - target: {fileID: 224520670807165834, guid: 1ccd133d613dfd54abb89701a26ddc7c,
        type: 3}
      propertyPath: m_AnchorMax.y
      value: 0
      objectReference: {fileID: 0}
    - target: {fileID: 224520670807165834, guid: 1ccd133d613dfd54abb89701a26ddc7c,
        type: 3}
      propertyPath: m_Pivot.x
      value: 0
      objectReference: {fileID: 0}
    - target: {fileID: 224520670807165834, guid: 1ccd133d613dfd54abb89701a26ddc7c,
        type: 3}
      propertyPath: m_Pivot.y
      value: 0
      objectReference: {fileID: 0}
    - target: {fileID: 224520670807165834, guid: 1ccd133d613dfd54abb89701a26ddc7c,
        type: 3}
      propertyPath: m_LocalScale.x
      value: 0
      objectReference: {fileID: 0}
    - target: {fileID: 224520670807165834, guid: 1ccd133d613dfd54abb89701a26ddc7c,
        type: 3}
      propertyPath: m_LocalScale.y
      value: 0
      objectReference: {fileID: 0}
    - target: {fileID: 224520670807165834, guid: 1ccd133d613dfd54abb89701a26ddc7c,
        type: 3}
      propertyPath: m_LocalScale.z
      value: 0
      objectReference: {fileID: 0}
    - target: {fileID: 223438747023427962, guid: 1ccd133d613dfd54abb89701a26ddc7c,
        type: 3}
      propertyPath: m_Camera
      value: 
      objectReference: {fileID: 789425985}
    - target: {fileID: 224105175604523106, guid: 1ccd133d613dfd54abb89701a26ddc7c,
        type: 3}
      propertyPath: m_LocalPosition.x
      value: 0
      objectReference: {fileID: 0}
    - target: {fileID: 224105175604523106, guid: 1ccd133d613dfd54abb89701a26ddc7c,
        type: 3}
      propertyPath: m_LocalPosition.y
      value: 0
      objectReference: {fileID: 0}
    m_RemovedComponents: []
  m_SourcePrefab: {fileID: 100100000, guid: 1ccd133d613dfd54abb89701a26ddc7c, type: 3}
--- !u!1 &1336370469
GameObject:
  m_ObjectHideFlags: 0
  m_CorrespondingSourceObject: {fileID: 0}
  m_PrefabInstance: {fileID: 0}
  m_PrefabAsset: {fileID: 0}
  serializedVersion: 6
  m_Component:
  - component: {fileID: 1336370472}
  - component: {fileID: 1336370471}
  - component: {fileID: 1336370470}
  m_Layer: 0
  m_Name: EventSystem
  m_TagString: Untagged
  m_Icon: {fileID: 0}
  m_NavMeshLayer: 0
  m_StaticEditorFlags: 0
  m_IsActive: 1
--- !u!114 &1336370470
MonoBehaviour:
  m_ObjectHideFlags: 0
  m_CorrespondingSourceObject: {fileID: 0}
  m_PrefabInstance: {fileID: 0}
  m_PrefabAsset: {fileID: 0}
  m_GameObject: {fileID: 1336370469}
  m_Enabled: 1
  m_EditorHideFlags: 0
  m_Script: {fileID: 1077351063, guid: f70555f144d8491a825f0804e09c671c, type: 3}
  m_Name: 
  m_EditorClassIdentifier: 
  m_HorizontalAxis: Horizontal
  m_VerticalAxis: Vertical
  m_SubmitButton: Submit
  m_CancelButton: Cancel
  m_InputActionsPerSecond: 10
  m_RepeatDelay: 0.5
  m_ForceModuleActive: 0
--- !u!114 &1336370471
MonoBehaviour:
  m_ObjectHideFlags: 0
  m_CorrespondingSourceObject: {fileID: 0}
  m_PrefabInstance: {fileID: 0}
  m_PrefabAsset: {fileID: 0}
  m_GameObject: {fileID: 1336370469}
  m_Enabled: 1
  m_EditorHideFlags: 0
  m_Script: {fileID: -619905303, guid: f70555f144d8491a825f0804e09c671c, type: 3}
  m_Name: 
  m_EditorClassIdentifier: 
  m_FirstSelected: {fileID: 0}
  m_sendNavigationEvents: 1
  m_DragThreshold: 5
--- !u!4 &1336370472
Transform:
  m_ObjectHideFlags: 0
  m_CorrespondingSourceObject: {fileID: 0}
  m_PrefabInstance: {fileID: 0}
  m_PrefabAsset: {fileID: 0}
  m_GameObject: {fileID: 1336370469}
  m_LocalRotation: {x: 0, y: 0, z: 0, w: 1}
  m_LocalPosition: {x: 0, y: 0, z: 0}
  m_LocalScale: {x: 1, y: 1, z: 1}
  m_Children: []
  m_Father: {fileID: 0}
  m_RootOrder: 2
  m_LocalEulerAnglesHint: {x: 0, y: 0, z: 0}
--- !u!1001 &1347000840
PrefabInstance:
  m_ObjectHideFlags: 0
  serializedVersion: 2
  m_Modification:
    m_TransformParent: {fileID: 0}
    m_Modifications:
    - target: {fileID: 224840969494293534, guid: 3ca7f8d19227a954ab2765d33f8d26f9,
        type: 3}
      propertyPath: m_LocalPosition.x
      value: 0
      objectReference: {fileID: 0}
    - target: {fileID: 224840969494293534, guid: 3ca7f8d19227a954ab2765d33f8d26f9,
        type: 3}
      propertyPath: m_LocalPosition.y
      value: 0
      objectReference: {fileID: 0}
    - target: {fileID: 224840969494293534, guid: 3ca7f8d19227a954ab2765d33f8d26f9,
        type: 3}
      propertyPath: m_LocalPosition.z
      value: 0
      objectReference: {fileID: 0}
    - target: {fileID: 224840969494293534, guid: 3ca7f8d19227a954ab2765d33f8d26f9,
        type: 3}
      propertyPath: m_LocalRotation.x
      value: 0
      objectReference: {fileID: 0}
    - target: {fileID: 224840969494293534, guid: 3ca7f8d19227a954ab2765d33f8d26f9,
        type: 3}
      propertyPath: m_LocalRotation.y
      value: 0
      objectReference: {fileID: 0}
    - target: {fileID: 224840969494293534, guid: 3ca7f8d19227a954ab2765d33f8d26f9,
        type: 3}
      propertyPath: m_LocalRotation.z
      value: 0
      objectReference: {fileID: 0}
    - target: {fileID: 224840969494293534, guid: 3ca7f8d19227a954ab2765d33f8d26f9,
        type: 3}
      propertyPath: m_LocalRotation.w
      value: 1
      objectReference: {fileID: 0}
    - target: {fileID: 224840969494293534, guid: 3ca7f8d19227a954ab2765d33f8d26f9,
        type: 3}
      propertyPath: m_RootOrder
      value: 4
      objectReference: {fileID: 0}
    - target: {fileID: 224840969494293534, guid: 3ca7f8d19227a954ab2765d33f8d26f9,
        type: 3}
      propertyPath: m_AnchoredPosition.x
      value: 0
      objectReference: {fileID: 0}
    - target: {fileID: 224840969494293534, guid: 3ca7f8d19227a954ab2765d33f8d26f9,
        type: 3}
      propertyPath: m_AnchoredPosition.y
      value: 0
      objectReference: {fileID: 0}
    - target: {fileID: 224840969494293534, guid: 3ca7f8d19227a954ab2765d33f8d26f9,
        type: 3}
      propertyPath: m_SizeDelta.x
      value: 0
      objectReference: {fileID: 0}
    - target: {fileID: 224840969494293534, guid: 3ca7f8d19227a954ab2765d33f8d26f9,
        type: 3}
      propertyPath: m_SizeDelta.y
      value: 0
      objectReference: {fileID: 0}
    - target: {fileID: 224840969494293534, guid: 3ca7f8d19227a954ab2765d33f8d26f9,
        type: 3}
      propertyPath: m_AnchorMin.x
      value: 0
      objectReference: {fileID: 0}
    - target: {fileID: 224840969494293534, guid: 3ca7f8d19227a954ab2765d33f8d26f9,
        type: 3}
      propertyPath: m_AnchorMin.y
      value: 0
      objectReference: {fileID: 0}
    - target: {fileID: 224840969494293534, guid: 3ca7f8d19227a954ab2765d33f8d26f9,
        type: 3}
      propertyPath: m_AnchorMax.x
      value: 0
      objectReference: {fileID: 0}
    - target: {fileID: 224840969494293534, guid: 3ca7f8d19227a954ab2765d33f8d26f9,
        type: 3}
      propertyPath: m_AnchorMax.y
      value: 0
      objectReference: {fileID: 0}
    - target: {fileID: 224840969494293534, guid: 3ca7f8d19227a954ab2765d33f8d26f9,
        type: 3}
      propertyPath: m_Pivot.x
      value: 0
      objectReference: {fileID: 0}
    - target: {fileID: 224840969494293534, guid: 3ca7f8d19227a954ab2765d33f8d26f9,
        type: 3}
      propertyPath: m_Pivot.y
      value: 0
      objectReference: {fileID: 0}
    - target: {fileID: 114251590703624694, guid: 3ca7f8d19227a954ab2765d33f8d26f9,
        type: 3}
      propertyPath: m_OnClick.m_PersistentCalls.m_Calls.Array.data[1].m_Target
      value: 
      objectReference: {fileID: 1961569003}
    - target: {fileID: 114251590703624694, guid: 3ca7f8d19227a954ab2765d33f8d26f9,
        type: 3}
      propertyPath: m_OnClick.m_PersistentCalls.m_Calls.Array.data[1].m_MethodName
      value: LoadScene
      objectReference: {fileID: 0}
    - target: {fileID: 114097735288429418, guid: 3ca7f8d19227a954ab2765d33f8d26f9,
        type: 3}
      propertyPath: m_OnClick.m_PersistentCalls.m_Calls.Array.data[1].m_Target
      value: 
      objectReference: {fileID: 1961569003}
    - target: {fileID: 114097735288429418, guid: 3ca7f8d19227a954ab2765d33f8d26f9,
        type: 3}
      propertyPath: m_OnClick.m_PersistentCalls.m_Calls.Array.data[1].m_MethodName
      value: LoadScene
      objectReference: {fileID: 0}
    - target: {fileID: 114719318609235496, guid: 3ca7f8d19227a954ab2765d33f8d26f9,
        type: 3}
      propertyPath: m_OnClick.m_PersistentCalls.m_Calls.Array.data[0].m_Target
      value: 
      objectReference: {fileID: 1961569003}
    - target: {fileID: 114719318609235496, guid: 3ca7f8d19227a954ab2765d33f8d26f9,
        type: 3}
      propertyPath: m_OnClick.m_PersistentCalls.m_Calls.Array.data[0].m_MethodName
      value: LoadScene
      objectReference: {fileID: 0}
    - target: {fileID: 114218798386150018, guid: 3ca7f8d19227a954ab2765d33f8d26f9,
        type: 3}
      propertyPath: AfterAdFinished.m_PersistentCalls.m_Calls.Array.data[0].m_Target
      value: 
      objectReference: {fileID: 1961569003}
    - target: {fileID: 114218798386150018, guid: 3ca7f8d19227a954ab2765d33f8d26f9,
        type: 3}
      propertyPath: AfterAdFinished.m_PersistentCalls.m_Calls.Array.data[0].m_MethodName
      value: LoadScene
      objectReference: {fileID: 0}
    - target: {fileID: 114218798386150018, guid: 3ca7f8d19227a954ab2765d33f8d26f9,
        type: 3}
      propertyPath: AfterAdFinished.m_PersistentCalls.m_Calls.Array.data[0].m_Mode
      value: 5
      objectReference: {fileID: 0}
    - target: {fileID: 114218798386150018, guid: 3ca7f8d19227a954ab2765d33f8d26f9,
        type: 3}
      propertyPath: AfterAdFinished.m_PersistentCalls.m_Calls.Array.data[0].m_Arguments.m_StringArgument
      value: _Template
      objectReference: {fileID: 0}
    - target: {fileID: 114486904071979344, guid: 3ca7f8d19227a954ab2765d33f8d26f9,
        type: 3}
      propertyPath: AfterAdFinished.m_PersistentCalls.m_Calls.Array.data[0].m_Target
      value: 
      objectReference: {fileID: 1961569003}
    - target: {fileID: 114486904071979344, guid: 3ca7f8d19227a954ab2765d33f8d26f9,
        type: 3}
      propertyPath: AfterAdFinished.m_PersistentCalls.m_Calls.Array.data[0].m_MethodName
      value: LoadScene
      objectReference: {fileID: 0}
    - target: {fileID: 114486904071979344, guid: 3ca7f8d19227a954ab2765d33f8d26f9,
        type: 3}
      propertyPath: AfterAdFinished.m_PersistentCalls.m_Calls.Array.data[0].m_Mode
      value: 5
      objectReference: {fileID: 0}
    - target: {fileID: 114486904071979344, guid: 3ca7f8d19227a954ab2765d33f8d26f9,
        type: 3}
      propertyPath: AfterAdFinished.m_PersistentCalls.m_Calls.Array.data[0].m_Arguments.m_StringArgument
      value: NextLevel
      objectReference: {fileID: 0}
    - target: {fileID: 224291242618259994, guid: 3ca7f8d19227a954ab2765d33f8d26f9,
        type: 3}
      propertyPath: m_AnchorMin.y
      value: 0
      objectReference: {fileID: 0}
    - target: {fileID: 224291242618259994, guid: 3ca7f8d19227a954ab2765d33f8d26f9,
        type: 3}
      propertyPath: m_AnchorMax.y
      value: 0
      objectReference: {fileID: 0}
    - target: {fileID: 224291242618259994, guid: 3ca7f8d19227a954ab2765d33f8d26f9,
        type: 3}
      propertyPath: m_AnchoredPosition.y
      value: 0
      objectReference: {fileID: 0}
    - target: {fileID: 224291242618259994, guid: 3ca7f8d19227a954ab2765d33f8d26f9,
        type: 3}
      propertyPath: m_SizeDelta.x
      value: 0
      objectReference: {fileID: 0}
    - target: {fileID: 224291242618259994, guid: 3ca7f8d19227a954ab2765d33f8d26f9,
        type: 3}
      propertyPath: m_SizeDelta.y
      value: 0
      objectReference: {fileID: 0}
    - target: {fileID: 224294157383043224, guid: 3ca7f8d19227a954ab2765d33f8d26f9,
        type: 3}
      propertyPath: m_AnchorMin.y
      value: 0
      objectReference: {fileID: 0}
    - target: {fileID: 224294157383043224, guid: 3ca7f8d19227a954ab2765d33f8d26f9,
        type: 3}
      propertyPath: m_AnchorMax.y
      value: 0
      objectReference: {fileID: 0}
    - target: {fileID: 224294157383043224, guid: 3ca7f8d19227a954ab2765d33f8d26f9,
        type: 3}
      propertyPath: m_AnchoredPosition.x
      value: 0
      objectReference: {fileID: 0}
    - target: {fileID: 224294157383043224, guid: 3ca7f8d19227a954ab2765d33f8d26f9,
        type: 3}
      propertyPath: m_AnchoredPosition.y
      value: 0
      objectReference: {fileID: 0}
    - target: {fileID: 224294157383043224, guid: 3ca7f8d19227a954ab2765d33f8d26f9,
        type: 3}
      propertyPath: m_SizeDelta.x
      value: 0
      objectReference: {fileID: 0}
    - target: {fileID: 224294157383043224, guid: 3ca7f8d19227a954ab2765d33f8d26f9,
        type: 3}
      propertyPath: m_SizeDelta.y
      value: 0
      objectReference: {fileID: 0}
    - target: {fileID: 224836598526467896, guid: 3ca7f8d19227a954ab2765d33f8d26f9,
        type: 3}
      propertyPath: m_AnchorMin.y
      value: 0
      objectReference: {fileID: 0}
    - target: {fileID: 224836598526467896, guid: 3ca7f8d19227a954ab2765d33f8d26f9,
        type: 3}
      propertyPath: m_AnchorMax.y
      value: 0
      objectReference: {fileID: 0}
    - target: {fileID: 224836598526467896, guid: 3ca7f8d19227a954ab2765d33f8d26f9,
        type: 3}
      propertyPath: m_AnchoredPosition.x
      value: 0
      objectReference: {fileID: 0}
    - target: {fileID: 224836598526467896, guid: 3ca7f8d19227a954ab2765d33f8d26f9,
        type: 3}
      propertyPath: m_AnchoredPosition.y
      value: 0
      objectReference: {fileID: 0}
    - target: {fileID: 224836598526467896, guid: 3ca7f8d19227a954ab2765d33f8d26f9,
        type: 3}
      propertyPath: m_SizeDelta.x
      value: 0
      objectReference: {fileID: 0}
    - target: {fileID: 224836598526467896, guid: 3ca7f8d19227a954ab2765d33f8d26f9,
        type: 3}
      propertyPath: m_SizeDelta.y
      value: 0
      objectReference: {fileID: 0}
    - target: {fileID: 224496023083894208, guid: 3ca7f8d19227a954ab2765d33f8d26f9,
        type: 3}
      propertyPath: m_AnchorMin.y
      value: 0
      objectReference: {fileID: 0}
    - target: {fileID: 224496023083894208, guid: 3ca7f8d19227a954ab2765d33f8d26f9,
        type: 3}
      propertyPath: m_AnchorMax.y
      value: 0
      objectReference: {fileID: 0}
    - target: {fileID: 224496023083894208, guid: 3ca7f8d19227a954ab2765d33f8d26f9,
        type: 3}
      propertyPath: m_AnchoredPosition.x
      value: 0
      objectReference: {fileID: 0}
    - target: {fileID: 224496023083894208, guid: 3ca7f8d19227a954ab2765d33f8d26f9,
        type: 3}
      propertyPath: m_AnchoredPosition.y
      value: 0
      objectReference: {fileID: 0}
    - target: {fileID: 224496023083894208, guid: 3ca7f8d19227a954ab2765d33f8d26f9,
        type: 3}
      propertyPath: m_SizeDelta.x
      value: 0
      objectReference: {fileID: 0}
    - target: {fileID: 224496023083894208, guid: 3ca7f8d19227a954ab2765d33f8d26f9,
        type: 3}
      propertyPath: m_SizeDelta.y
      value: 0
      objectReference: {fileID: 0}
    - target: {fileID: 224283081006368092, guid: 3ca7f8d19227a954ab2765d33f8d26f9,
        type: 3}
      propertyPath: m_AnchorMin.y
      value: 0
      objectReference: {fileID: 0}
    - target: {fileID: 224283081006368092, guid: 3ca7f8d19227a954ab2765d33f8d26f9,
        type: 3}
      propertyPath: m_AnchorMax.y
      value: 0
      objectReference: {fileID: 0}
    - target: {fileID: 224283081006368092, guid: 3ca7f8d19227a954ab2765d33f8d26f9,
        type: 3}
      propertyPath: m_AnchoredPosition.x
      value: 0
      objectReference: {fileID: 0}
    - target: {fileID: 224283081006368092, guid: 3ca7f8d19227a954ab2765d33f8d26f9,
        type: 3}
      propertyPath: m_AnchoredPosition.y
      value: 0
      objectReference: {fileID: 0}
    - target: {fileID: 224283081006368092, guid: 3ca7f8d19227a954ab2765d33f8d26f9,
        type: 3}
      propertyPath: m_SizeDelta.x
      value: 0
      objectReference: {fileID: 0}
    - target: {fileID: 224283081006368092, guid: 3ca7f8d19227a954ab2765d33f8d26f9,
        type: 3}
      propertyPath: m_SizeDelta.y
      value: 0
      objectReference: {fileID: 0}
    - target: {fileID: 114380592406096834, guid: 3ca7f8d19227a954ab2765d33f8d26f9,
        type: 3}
      propertyPath: timer
      value: 
      objectReference: {fileID: 138228476}
    - target: {fileID: 114373426417065920, guid: 3ca7f8d19227a954ab2765d33f8d26f9,
        type: 3}
      propertyPath: m_OnClick.m_PersistentCalls.m_Calls.Array.data[1].m_Target
      value: 
      objectReference: {fileID: 1961569003}
    - target: {fileID: 114980204216669992, guid: 3ca7f8d19227a954ab2765d33f8d26f9,
        type: 3}
      propertyPath: m_OnClick.m_PersistentCalls.m_Calls.Array.data[1].m_Target
      value: 
      objectReference: {fileID: 1961569003}
    - target: {fileID: 1399060508323480, guid: 3ca7f8d19227a954ab2765d33f8d26f9, type: 3}
      propertyPath: m_IsActive
      value: 0
      objectReference: {fileID: 0}
    m_RemovedComponents: []
  m_SourcePrefab: {fileID: 100100000, guid: 3ca7f8d19227a954ab2765d33f8d26f9, type: 3}
--- !u!114 &1347000841 stripped
MonoBehaviour:
  m_CorrespondingSourceObject: {fileID: 114703248284120928, guid: 3ca7f8d19227a954ab2765d33f8d26f9,
    type: 3}
  m_PrefabInstance: {fileID: 1347000840}
  m_PrefabAsset: {fileID: 0}
  m_GameObject: {fileID: 0}
  m_Enabled: 1
  m_EditorHideFlags: 0
  m_Script: {fileID: 708705254, guid: f70555f144d8491a825f0804e09c671c, type: 3}
  m_Name: 
  m_EditorClassIdentifier: 
--- !u!114 &1347000842 stripped
MonoBehaviour:
  m_CorrespondingSourceObject: {fileID: 114984404755009806, guid: 3ca7f8d19227a954ab2765d33f8d26f9,
    type: 3}
  m_PrefabInstance: {fileID: 1347000840}
  m_PrefabAsset: {fileID: 0}
  m_GameObject: {fileID: 0}
  m_Enabled: 1
  m_EditorHideFlags: 0
  m_Script: {fileID: 708705254, guid: f70555f144d8491a825f0804e09c671c, type: 3}
  m_Name: 
  m_EditorClassIdentifier: 
--- !u!114 &1347000843 stripped
MonoBehaviour:
  m_CorrespondingSourceObject: {fileID: 114586667819447942, guid: 3ca7f8d19227a954ab2765d33f8d26f9,
    type: 3}
  m_PrefabInstance: {fileID: 1347000840}
  m_PrefabAsset: {fileID: 0}
  m_GameObject: {fileID: 0}
  m_Enabled: 1
  m_EditorHideFlags: 0
  m_Script: {fileID: -765806418, guid: f70555f144d8491a825f0804e09c671c, type: 3}
  m_Name: 
  m_EditorClassIdentifier: 
--- !u!114 &1347000844 stripped
MonoBehaviour:
  m_CorrespondingSourceObject: {fileID: 114417875718881486, guid: 3ca7f8d19227a954ab2765d33f8d26f9,
    type: 3}
  m_PrefabInstance: {fileID: 1347000840}
  m_PrefabAsset: {fileID: 0}
  m_GameObject: {fileID: 0}
  m_Enabled: 1
  m_EditorHideFlags: 0
  m_Script: {fileID: -765806418, guid: f70555f144d8491a825f0804e09c671c, type: 3}
  m_Name: 
  m_EditorClassIdentifier: 
--- !u!114 &1347000845 stripped
MonoBehaviour:
  m_CorrespondingSourceObject: {fileID: 114526866619015194, guid: 3ca7f8d19227a954ab2765d33f8d26f9,
    type: 3}
  m_PrefabInstance: {fileID: 1347000840}
  m_PrefabAsset: {fileID: 0}
  m_GameObject: {fileID: 0}
  m_Enabled: 1
  m_EditorHideFlags: 0
  m_Script: {fileID: -765806418, guid: f70555f144d8491a825f0804e09c671c, type: 3}
  m_Name: 
  m_EditorClassIdentifier: 
--- !u!114 &1347000846 stripped
MonoBehaviour:
  m_CorrespondingSourceObject: {fileID: 114313037900932606, guid: 3ca7f8d19227a954ab2765d33f8d26f9,
    type: 3}
  m_PrefabInstance: {fileID: 1347000840}
  m_PrefabAsset: {fileID: 0}
  m_GameObject: {fileID: 0}
  m_Enabled: 1
  m_EditorHideFlags: 0
  m_Script: {fileID: -765806418, guid: f70555f144d8491a825f0804e09c671c, type: 3}
  m_Name: 
  m_EditorClassIdentifier: 
--- !u!114 &1347000847 stripped
MonoBehaviour:
  m_CorrespondingSourceObject: {fileID: 114230579988854670, guid: 3ca7f8d19227a954ab2765d33f8d26f9,
    type: 3}
  m_PrefabInstance: {fileID: 1347000840}
  m_PrefabAsset: {fileID: 0}
  m_GameObject: {fileID: 0}
  m_Enabled: 1
  m_EditorHideFlags: 0
  m_Script: {fileID: -765806418, guid: f70555f144d8491a825f0804e09c671c, type: 3}
  m_Name: 
  m_EditorClassIdentifier: 
--- !u!1 &1347000848 stripped
GameObject:
  m_CorrespondingSourceObject: {fileID: 1253198006684778, guid: 3ca7f8d19227a954ab2765d33f8d26f9,
    type: 3}
  m_PrefabInstance: {fileID: 1347000840}
  m_PrefabAsset: {fileID: 0}
--- !u!1001 &1467785776
PrefabInstance:
  m_ObjectHideFlags: 0
  serializedVersion: 2
  m_Modification:
    m_TransformParent: {fileID: 0}
    m_Modifications:
    - target: {fileID: 1304638240469586, guid: 352532c804468274ba69c596347c6b57, type: 3}
      propertyPath: m_IsActive
      value: 1
      objectReference: {fileID: 0}
    - target: {fileID: 4656161103982652, guid: 352532c804468274ba69c596347c6b57, type: 3}
      propertyPath: m_LocalPosition.x
      value: 0.5
      objectReference: {fileID: 0}
    - target: {fileID: 4656161103982652, guid: 352532c804468274ba69c596347c6b57, type: 3}
      propertyPath: m_LocalPosition.y
      value: 1.45
      objectReference: {fileID: 0}
    - target: {fileID: 4656161103982652, guid: 352532c804468274ba69c596347c6b57, type: 3}
      propertyPath: m_LocalPosition.z
      value: 0
      objectReference: {fileID: 0}
    - target: {fileID: 4656161103982652, guid: 352532c804468274ba69c596347c6b57, type: 3}
      propertyPath: m_LocalRotation.x
      value: -0
      objectReference: {fileID: 0}
    - target: {fileID: 4656161103982652, guid: 352532c804468274ba69c596347c6b57, type: 3}
      propertyPath: m_LocalRotation.y
      value: -0
      objectReference: {fileID: 0}
    - target: {fileID: 4656161103982652, guid: 352532c804468274ba69c596347c6b57, type: 3}
      propertyPath: m_LocalRotation.z
      value: -0
      objectReference: {fileID: 0}
    - target: {fileID: 4656161103982652, guid: 352532c804468274ba69c596347c6b57, type: 3}
      propertyPath: m_LocalRotation.w
      value: 1
      objectReference: {fileID: 0}
    - target: {fileID: 4656161103982652, guid: 352532c804468274ba69c596347c6b57, type: 3}
      propertyPath: m_RootOrder
      value: 6
      objectReference: {fileID: 0}
    m_RemovedComponents: []
  m_SourcePrefab: {fileID: 100100000, guid: 352532c804468274ba69c596347c6b57, type: 3}
--- !u!1 &1484514243
GameObject:
  m_ObjectHideFlags: 0
  m_CorrespondingSourceObject: {fileID: 0}
  m_PrefabInstance: {fileID: 0}
  m_PrefabAsset: {fileID: 0}
  serializedVersion: 6
  m_Component:
  - component: {fileID: 1484514244}
  m_Layer: 0
  m_Name: Tiles
  m_TagString: Untagged
  m_Icon: {fileID: 0}
  m_NavMeshLayer: 0
  m_StaticEditorFlags: 0
  m_IsActive: 1
--- !u!4 &1484514244
Transform:
  m_ObjectHideFlags: 0
  m_CorrespondingSourceObject: {fileID: 0}
  m_PrefabInstance: {fileID: 0}
  m_PrefabAsset: {fileID: 0}
  m_GameObject: {fileID: 1484514243}
  m_LocalRotation: {x: 0, y: 0, z: 0, w: 1}
  m_LocalPosition: {x: 0, y: 0, z: 0}
  m_LocalScale: {x: 1, y: 1, z: 1}
  m_Children: []
  m_Father: {fileID: 1109326385}
  m_RootOrder: 0
  m_LocalEulerAnglesHint: {x: 0, y: 0, z: 0}
--- !u!114 &1603893530 stripped
MonoBehaviour:
  m_CorrespondingSourceObject: {fileID: 114403799277870150, guid: 3ca7f8d19227a954ab2765d33f8d26f9,
    type: 3}
  m_PrefabInstance: {fileID: 1347000840}
  m_PrefabAsset: {fileID: 0}
  m_GameObject: {fileID: 0}
  m_Enabled: 1
  m_EditorHideFlags: 0
  m_Script: {fileID: 708705254, guid: f5f67c52d1564df4a8936ccd202a3bd8, type: 3}
  m_Name: 
  m_EditorClassIdentifier: 
--- !u!1 &1603893533 stripped
GameObject:
  m_CorrespondingSourceObject: {fileID: 1332568930144442, guid: 3ca7f8d19227a954ab2765d33f8d26f9,
    type: 3}
  m_PrefabInstance: {fileID: 1347000840}
  m_PrefabAsset: {fileID: 0}
--- !u!114 &1961569003 stripped
MonoBehaviour:
  m_CorrespondingSourceObject: {fileID: 114562952773932356, guid: ff249350a32225f499743ce2508c4683,
    type: 3}
  m_PrefabInstance: {fileID: 895153419}
  m_PrefabAsset: {fileID: 0}
  m_GameObject: {fileID: 0}
  m_Enabled: 1
  m_EditorHideFlags: 0
  m_Script: {fileID: 11500000, guid: 8c4f1403a053ca847be79cfda5ff5e55, type: 3}
  m_Name: 
  m_EditorClassIdentifier: 
--- !u!1 &2117832834
GameObject:
  m_ObjectHideFlags: 0
  m_CorrespondingSourceObject: {fileID: 0}
  m_PrefabInstance: {fileID: 0}
  m_PrefabAsset: {fileID: 0}
  serializedVersion: 6
  m_Component:
  - component: {fileID: 2117832835}
  m_Layer: 0
  m_Name: Traps
  m_TagString: Untagged
  m_Icon: {fileID: 0}
  m_NavMeshLayer: 0
  m_StaticEditorFlags: 0
  m_IsActive: 1
--- !u!4 &2117832835
Transform:
  m_ObjectHideFlags: 0
  m_CorrespondingSourceObject: {fileID: 0}
  m_PrefabInstance: {fileID: 0}
  m_PrefabAsset: {fileID: 0}
  m_GameObject: {fileID: 2117832834}
  m_LocalRotation: {x: -0, y: -0, z: -0, w: 1}
  m_LocalPosition: {x: 0, y: 0, z: 0}
  m_LocalScale: {x: 1, y: 1, z: 1}
  m_Children: []
  m_Father: {fileID: 1109326385}
  m_RootOrder: 2
  m_LocalEulerAnglesHint: {x: 0, y: 0, z: 0}
